@misc{polarity,
  title   = {{Polarity Test of Transformer {$\vert$} Electrical4U}},
  journal = {Electrical4U},
  year    = {2023},
  month   = oct,
  url     = {https://www.electrical4u.com/transformer-polarity-test}
}