@misc{openShort,
  title = {{Open circuit and Short circuit Test on transformer}},
  year  = {2023},
  month = nov,
  note  = {[Online; accessed 14. Nov. 2023]},
  url   = {https://www.electricaleasy.com/2014/04/open-and-short-circuit-test-on-transformer.html}
}