@article{trans,
  title   = {{Three Phase Transformer Connections and Basics}},
  author  = {Storr, Wayne},
  journal = {Basic Electronics Tutorials},
  year    = {2023},
  month   = nov,
  url     = {https://www.electronics-tutorials.ws/transformer/three-phase-transformer.html}
}