@article{trans,
  title   = {{Transformer Voltage Regulation}},
  author  = {Storr, Wayne},
  journal = {Basic Electronics Tutorials},
  year    = {2023},
  month   = jul,
  url     = {https://www.electronics-tutorials.ws/transformer/voltage-regulation.html}
}